@article{Sorokina:2010Intrinsic,
	author = {Sorokina, Tatyana},
	date-added = {2022-01-25 10:09:23 -0800},
	date-modified = {2022-01-25 10:09:23 -0800},
	journal = {Numerische Mathematik},
	number = {3},
	pages = {421--434},
	publisher = {Springer},
	title = {Intrinsic supersmoothness of multivariate splines},
	volume = {116},
	year = {2010}}

@article{Chui;Lai:1990Multivariate,
	author = {Chui, Charles K and Lai, Ming-Jun},
	date-added = {2022-01-25 10:09:02 -0800},
	date-modified = {2022-01-25 10:09:02 -0800},
	journal = {Journal of approximation theory},
	number = {3},
	pages = {245--343},
	publisher = {Elsevier},
	title = {Multivariate vertex splines and finite elements},
	volume = {60},
	year = {1990},
	bdsk-file-1 = {YnBsaXN0MDDSAQIDBFxyZWxhdGl2ZVBhdGhZYWxpYXNEYXRhXxBWLi4vZ2VvZGVjb21wL3JlZmVyZW5jZXMvTXVsdGl2YXJpYXRlIHZlcnRleCBzcGxpbmVzIGFuZCBmaW5pdGUgZWxlbWVudHNDaHVpTGFpMTk5MC5wZGZPEQJSAAAAAAJSAAIAAAxNYWNpbnRvc2ggSEQAAAAAAAAAAAAAAAAAAAAAAAAAQkQAAf////8fTXVsdGl2YXJpYXRlIHZlcnRlI0ZGRkZGRkZGLnBkZgAAAAAAAAAAAAAAAAAAAAAAAAAAAAAAAAAAAAAAAAAA/////wAAAAAAAAAAAAAAAAABAAMAAAogY3UAAAAAAAAAAAAAAAAACnJlZmVyZW5jZXMAAgB7LzpVc2Vyczpsb25nY2hlbjE6RHJvcGJveDpNYXRoOlJlc2VhcmNoOmdlb2RlY29tcDpyZWZlcmVuY2VzOk11bHRpdmFyaWF0ZSB2ZXJ0ZXggc3BsaW5lcyBhbmQgZmluaXRlIGVsZW1lbnRzQ2h1aUxhaTE5OTAucGRmAAAOAH4APgBNAHUAbAB0AGkAdgBhAHIAaQBhAHQAZQAgAHYAZQByAHQAZQB4ACAAcwBwAGwAaQBuAGUAcwAgAGEAbgBkACAAZgBpAG4AaQB0AGUAIABlAGwAZQBtAGUAbgB0AHMAQwBoAHUAaQBMAGEAaQAxADkAOQAwAC4AcABkAGYADwAaAAwATQBhAGMAaQBuAHQAbwBzAGgAIABIAEQAEgB5VXNlcnMvbG9uZ2NoZW4xL0Ryb3Bib3gvTWF0aC9SZXNlYXJjaC9nZW9kZWNvbXAvcmVmZXJlbmNlcy9NdWx0aXZhcmlhdGUgdmVydGV4IHNwbGluZXMgYW5kIGZpbml0ZSBlbGVtZW50c0NodWlMYWkxOTkwLnBkZgAAEwABLwAAFQACABD//wAAAAgADQAaACQAfQAAAAAAAAIBAAAAAAAAAAUAAAAAAAAAAAAAAAAAAALT}}

@book{Lai;Schumaker:2007Spline,
	author = {Lai, Ming-Jun and Schumaker, Larry L},
	date-added = {2022-01-25 10:09:02 -0800},
	date-modified = {2022-01-25 10:09:02 -0800},
	publisher = {Cambridge University Press},
	title = {Spline functions on triangulations},
	volume = {110},
	year = {2007}}

@article{Chen;Huang:2021Geometric,
	author = {Chen, Long and Huang, Xuehai},
	date-added = {2022-01-18 21:37:30 -0800},
	date-modified = {2022-01-18 21:37:36 -0800},
	journal = {arXiv preprint arXiv:2112.14351},
	title = {Geometric Decompositions of Div-Conforming Finite Element Tensors},
	year = {2021}}

@article{Adams;Cockburn:2005Finite,
	author = {Adams, Scot and Cockburn, Bernardo},
	date-added = {2022-01-18 08:41:08 -0800},
	date-modified = {2022-01-18 08:41:18 -0800},
	journal = {Journal of Scientific Computing},
	number = {25},
	pages = {515--521},
	title = {A Mixed Finite Element Method for Elasticity in Three Dimensions},
	volume = {3},
	year = {2005}}

@article{Hu;Ma;Zhang:2020family,
	author = {Hu, Jun and Ma, Rui and Zhang, Min},
	date-added = {2021-07-12 15:09:27 -0700},
	date-modified = {2022-01-25 10:44:06 -0800},
	journal = {Sci. China Math.},
	title = {A family of mixed finite elements for the biharmonic equations on triangular and tetrahedral grids},
	year = {2021}}

@article{licht2018basis,
	author = {Licht, Martin W},
	date-added = {2021-05-29 13:25:47 -0700},
	date-modified = {2021-05-29 13:25:47 -0700},
	journal = {arXiv preprint arXiv:1810.01896},
	title = {On basis constructions in finite element exterior calculus},
	year = {2018}}

@article{arnold2009geometric,
	author = {Arnold, Douglas N and Falk, Richard S and Winther, Ragnar},
	date-added = {2021-05-28 22:11:54 -0700},
	date-modified = {2021-05-28 22:11:54 -0700},
	journal = {Computer Methods in Applied Mechanics and Engineering},
	number = {21-26},
	pages = {1660--1672},
	publisher = {Elsevier},
	title = {Geometric decompositions and local bases for spaces of finite element differential forms},
	volume = {198},
	year = {2009}}

@article{PaulyZulehner2020,
	author = {Dirk Pauly and Walter Zulehner},
	doi = {10.1080/00036811.2018.1542685},
	eprint = {https://doi.org/10.1080/00036811.2018.1542685},
	journal = {Applicable Analysis},
	number = {9},
	pages = {1579-1630},
	publisher = {Taylor & Francis},
	title = {The divDiv-complex and applications to biharmonic equations},
	url = {https://doi.org/10.1080/00036811.2018.1542685},
	volume = {99},
	year = {2020},
	bdsk-url-1 = {https://doi.org/10.1080/00036811.2018.1542685}}

@article{ChenHuang2020,
	author = {Long Chen and Xuehai Huang},
	date-modified = {2022-01-25 10:48:59 -0800},
	journal = {arXiv preprint arXiv:2005.01271},
	title = {Finite elements for divdiv-conforming symmetric tensors},
	year = {2020}}

@article{ArnoldHu2020,
	author = {Douglas N. Arnold and Kaibo Hu},
	journal = {https://arxiv.org/abs/2005.12437},
	title = {Complexes from complexes},
	year = {2020}}

@book{BoffiBrezziFortin2013,
	author = {Boffi, Daniele and Brezzi, Franco and Fortin, Michel},
	doi = {10.1007/978-3-642-36519-5},
	file = {:book\\Mixed finite element methods and applications.pdf:PDF},
	groups = {Piola transformation, curl, tensor-valued function, MixedFEM, Books},
	isbn = {978-3-642-36518-8; 978-3-642-36519-5},
	mrclass = {65-02 (65M60 65N30)},
	mrreviewer = {Beny Neta},
	owner = {Xuehai Huang},
	pages = {xiv+685},
	publisher = {Springer, Heidelberg},
	timestamp = {2014.04.15},
	title = {Mixed finite element methods and applications},
	url = {http://dx.doi.org/10.1007/978-3-642-36519-5},
	year = {2013},
	bdsk-url-1 = {http://dx.doi.org/10.1007/978-3-642-36519-5}}

@book{Miranville2019,
	author = {Miranville, Alain},
	doi = {10.1137/1.9781611975925},
	groups = {Books, Cahn-Hilliard equations},
	isbn = {978-1-611975-91-8},
	mrclass = {35-02 (76-02 82C26)},
	mrnumber = {4001523},
	pages = {xiv+216},
	publisher = {Society for Industrial and Applied Mathematics (SIAM), Philadelphia, PA},
	series = {CBMS-NSF Regional Conference Series in Applied Mathematics},
	title = {The {C}ahn-{H}illiard equation},
	url = {https://ezlibrary.sufe.edu.cn:2243/10.1137/1.9781611975925},
	volume = {95},
	year = {2019},
	bdsk-url-1 = {https://ezlibrary.sufe.edu.cn:2243/10.1137/1.9781611975925},
	bdsk-url-2 = {https://doi.org/10.1137/1.9781611975925}}

@book{Selvadurai2000,
	author = {Selvadurai, A. P. S.},
	groups = {Books, PDE, Kirchhoff plate},
	isbn = {3-540-67284-2},
	mrclass = {35-01 (00A06)},
	mrnumber = {1844796},
	pages = {xviii+698},
	publisher = {Springer-Verlag, Berlin},
	title = {Partial differential equations in mechanics. 2. The biharmonic equation, {P}oisson's equation},
	year = {2000}}

@article{ChenHuHuang2018,
	author = {Chen, Long and Hu, Jun and Huang, Xuehai},
	file = {:ChenHuHuang2018.pdf:PDF},
	fjournal = {Mathematics of Computation},
	groups = {11771338, 11301396, 11671304, LY17A010010, LY15A010015, LY15A010016, G20160019},
	issn = {0025-5718},
	journal = {Math. Comp.},
	mrclass = {65N22 (65F10 65N30 65N55 74)},
	mrnumber = {3787386},
	number = {312},
	pages = {1601--1633},
	title = {Fast auxiliary space preconditioners for linear elasticity in mixed form},
	volume = {87},
	year = {2018},
	bdsk-url-1 = {https://doi.org/10.1090/mcom/3285}}

@phdthesis{Huang2010,
	author = {Huang, Xuehai},
	school = {Shanghai Jiao Tong University},
	title = {New finite element methods and efficient algorithms for fourth order elliptic equations},
	year = {2010}}

@article{FengZhang2016,
	author = {Feng, Chunsheng and Zhang, Shuo},
	doi = {10.4208/jcm.1510-m2014-0085},
	file = {FengZhang2016.pdf:Kirchhoff plate\\FengZhang2016.pdf:PDF},
	fjournal = {Journal of Computational Mathematics},
	groups = {Kirchhoff plate, FEM, Smoother, Solver},
	issn = {0254-9409},
	journal = {J. Comput. Math.},
	mrclass = {65N30 (65N22)},
	mrreviewer = {Francesco Zirilli},
	number = {2},
	pages = {159--173},
	timestamp = {2017-01-18},
	title = {Optimal solver for {M}orley element discretization of biharmonic equation on shape-regular grids},
	url = {http://dx.doi.org/10.4208/jcm.1510-m2014-0085},
	volume = {34},
	year = {2016},
	bdsk-url-1 = {http://dx.doi.org/10.4208/jcm.1510-m2014-0085}}

@article{PechsteinSchoeberl2018,
	author = {Pechstein, Astrid S. and Sch\"{o}berl, Joachim},
	doi = {10.1007/s00211-017-0933-3},
	file = {:elasticity/PechsteinSchoeberl2018.pdf:PDF},
	fjournal = {Numerische Mathematik},
	groups = {Elasticity, MixedFEM},
	issn = {0029-599X},
	journal = {Numer. Math.},
	mrclass = {65N30 (74G15 74S05)},
	mrnumber = {3785664},
	mrreviewer = {Fr\'{e}d\'{e}ric Charles Lebon},
	number = {1},
	pages = {93--120},
	title = {An analysis of the {TDNNS} method using natural norms},
	url = {https://doi.org/10.1007/s00211-017-0933-3},
	volume = {139},
	year = {2018},
	bdsk-url-1 = {https://doi.org/10.1007/s00211-017-0933-3}}

@phdthesis{Sinwel2009,
	author = {Astrid Sinwel},
	file = {:PhDThesis\\sinwel_thesis.pdf:PDF},
	groups = {Adaptive FEM, Elasticity, MixedFEM, PhDThesis},
	owner = {Administrator},
	school = {Johannes Kepler University Linz},
	timestamp = {2012.10.12},
	title = {A new family of mixed finite elements for elasticity},
	year = {2009}}

@article{Fuhrer;Heuer;Niemi:2019ultraweak,
	author = {F{\"u}hrer, Thomas and Heuer, Norbert and Niemi, Antti},
	date-added = {2020-05-05 14:21:26 -0700},
	date-modified = {2020-05-05 14:21:29 -0700},
	journal = {Math. Comp.},
	number = {318},
	pages = {1587--1619},
	title = {An ultraweak formulation of the {K}irchhoff--{L}ove plate bending model and DPG approximation},
	volume = {88},
	year = {2019},
	bdsk-file-1 = {YnBsaXN0MDDSAQIDBFxyZWxhdGl2ZVBhdGhZYWxpYXNEYXRhbxCGAC4ALgAvAEgAZABpAHYAZABpAHYAYwBmAG0ALwByAGUAZgBlAHIAZQBuAGMAZQBzAC8AQQBuACAAdQBsAHQAcgBhAHcAZQBhAGsAIABmAG8AcgBtAHUAbABhAHQAaQBvAG4AIABvAGYAIAB0AGgAZQAgAEsAaQByAGMAaABoAG8AZgBmAC0ALQBMAG8AdgBlACAAcABsAGEAdABlACAAYgBlAG4AZABpAG4AZwAgAG0AbwBkAGUAbAAgAGEAbgBkACAARABQAEcAIABhAHAAcAByAG8AeABpAG0AYQB0AGkAbwBuAEYAdQMIAGgAcgBlAHIASABlAHUAZQByADIAMAAxADkALgBwAGQAZk8RAxAAAAAAAxAAAgAADE1hY2ludG9zaCBIRAAAAAAAAAAAAAAAAAAAAAAAAABCRAAB/////x9BbiB1bHRyYXdlYWsgZm9ybXUjRkZGRkZGRkYucGRmAAAAAAAAAAAAAAAAAAAAAAAAAAAAAAAAAAAAAAAAAAD/////AAAAAAAAAAAAAAAAAAEAAwAACiBjdQAAAAAAAAAAAAAAAAAKcmVmZXJlbmNlcwACAKwvOlVzZXJzOmxvbmdjaGVuMTpEcm9wYm94Ok1hdGg6UmVzZWFyY2g6SGRpdmRpdmNmbTpyZWZlcmVuY2VzOkFuIHVsdHJhd2VhayBmb3JtdWxhdGlvbiBvZiB0aGUgS2lyY2hob2ZmLS1Mb3ZlIHBsYXRlIGJlbmRpbmcgbW9kZWwgYW5kIERQRyBhcHByb3hpbWF0aW9uRnXMiGhyZXJIZXVlcjIwMTkucGRmAA4A3ABtAEEAbgAgAHUAbAB0AHIAYQB3AGUAYQBrACAAZgBvAHIAbQB1AGwAYQB0AGkAbwBuACAAbwBmACAAdABoAGUAIABLAGkAcgBjAGgAaABvAGYAZgAtAC0ATABvAHYAZQAgAHAAbABhAHQAZQAgAGIAZQBuAGQAaQBuAGcAIABtAG8AZABlAGwAIABhAG4AZAAgAEQAUABHACAAYQBwAHAAcgBvAHgAaQBtAGEAdABpAG8AbgBGAHUDCABoAHIAZQByAEgAZQB1AGUAcgAyADAAMQA5AC4AcABkAGYADwAaAAwATQBhAGMAaQBuAHQAbwBzAGgAIABIAEQAEgCqVXNlcnMvbG9uZ2NoZW4xL0Ryb3Bib3gvTWF0aC9SZXNlYXJjaC9IZGl2ZGl2Y2ZtL3JlZmVyZW5jZXMvQW4gdWx0cmF3ZWFrIGZvcm11bGF0aW9uIG9mIHRoZSBLaXJjaGhvZmYtLUxvdmUgcGxhdGUgYmVuZGluZyBtb2RlbCBhbmQgRFBHIGFwcHJveGltYXRpb25GdcyIaHJlckhldWVyMjAxOS5wZGYAEwABLwAAFQACABD//wAAAAgADQAaACQBMwAAAAAAAAIBAAAAAAAAAAUAAAAAAAAAAAAAAAAAAARH}}

@article{HuangHuang2019,
	author = {Huang, Jianguo and Huang, Xuehai},
	doi = {10.1007/s10915-018-0780-0},
	file = {:HuangHuang2019.pdf:PDF},
	fjournal = {Journal of Scientific Computing},
	groups = {11771338, LY17A010010, G20160019},
	issn = {0885-7474},
	journal = {J. Sci. Comput.},
	mrclass = {65N30 (65N15 74K20)},
	mrnumber = {3902886},
	number = {1},
	pages = {290--320},
	title = {A Hybridizable Discontinuous {G}alerkin Method for {K}irchhoff Plates},
	url = {https://doi.org/10.1007/s10915-018-0780-0},
	volume = {78},
	year = {2019},
	bdsk-url-1 = {https://doi.org/10.1007/s10915-018-0780-0}}

@article{Hellan1967,
	author = {Hellan, K.},
	date-added = {2020-04-24 10:23:01 -0700},
	date-modified = {2020-04-24 10:23:01 -0700},
	journal = {Acta Polytechnica Scandinavia, Civil Engineering Series},
	owner = {Xuehai Huang},
	timestamp = {2009.09.13},
	title = {{Analysis of elastic plates in flexure by a simplified finite element method}},
	volume = {46},
	year = {1967}}

@article{Herrmann1967,
	author = {Leonard R. Herrmann},
	booktitle = {Proceedings of the ASCE},
	date-added = {2020-04-24 10:23:01 -0700},
	date-modified = {2020-04-24 10:23:01 -0700},
	journal = {Journal of the Engineering Mechanics Division},
	number = {EM5},
	owner = {Xuehai Huang},
	pages = {49-83},
	timestamp = {2014.11.13},
	title = {Finite element bending analysis for plates},
	volume = {93},
	year = {1967}}

@article{Johnson1973,
	author = {Johnson, Claes},
	date-added = {2020-04-24 10:23:09 -0700},
	date-modified = {2020-04-24 10:23:09 -0700},
	file = {Johnson1973.pdf:Kirchhoff plate\\Johnson1973.pdf:PDF},
	fjournal = {Numerische Mathematik},
	issn = {0029-599X},
	journal = {Numer. Math.},
	mrclass = {65N30 (65N35)},
	mrreviewer = {M. Zlamal},
	owner = {Administrator},
	pages = {43--62},
	timestamp = {2012.05.10},
	title = {On the convergence of a mixed finite-element method for plate bending problems},
	volume = {21},
	year = {1973}}

@article{PechsteinSchoberl2011,
	author = {Pechstein, Astrid and Sch{\"o}berl, Joachim},
	doi = {10.1142/S0218202511005568},
	file = {PechsteinSchoberl2011.pdf:elasticity\\PechsteinSchoberl2011.pdf:PDF},
	fjournal = {Mathematical Models and Methods in Applied Sciences},
	groups = {Elasticity, MixedFEM},
	issn = {0218-2025},
	journal = {Math. Models Methods Appl. Sci.},
	mrclass = {65N30 (35Q74 74B05 74S05)},
	number = {8},
	owner = {Administrator},
	pages = {1761--1782},
	timestamp = {2012.05.10},
	title = {Tangential-displacement and normal-normal-stress continuous mixed finite elements for elasticity},
	url = {http://dx.doi.org/10.1142/S0218202511005568},
	volume = {21},
	year = {2011},
	bdsk-url-1 = {http://dx.doi.org/10.1142/S0218202511005568}}

@book{Chau2012,
	address = {London},
	author = {Kam-Tim Chau},
	doi = {https://doi.org/10.1201/9781315275277},
	file = {:book/Analytic Methods in Geomechanics by Chau, Kam-tim (z-lib.org).pdf:PDF},
	groups = {Books, Elasticity, Higher-Order PDE},
	publisher = {CRC Press},
	title = {Analytic methods in geomechanics},
	year = {2012},
	bdsk-url-1 = {https://doi.org/10.1201/9781315275277}}

@article{CostabelMcIntosh2010,
	author = {Costabel, Martin and McIntosh, Alan},
	coden = {MAZEAX},
	date-modified = {2022-01-25 10:43:12 -0800},
	file = {:poincare\\CostabelMcIntosh2010.pdf:PDF},
	fjournal = {Mathematische Zeitschrift},
	groups = {Poincare inequality, FEEC, H(div), Exteriror calculus},
	issn = {0025-5874},
	journal = {Math. Z.},
	mrclass = {58J10 (35B65 35S05 47G30)},
	mrreviewer = {Horst Heck},
	number = {2},
	owner = {Administrator},
	pages = {297--320},
	timestamp = {2012.12.06},
	title = {On {B}ogovski\u\i\ and regularized {P}oincar\'e integral operators for de {R}ham complexes on {L}ipschitz domains},
	volume = {265},
	year = {2010},
	bdsk-url-1 = {http://dx.doi.org/10.1007/s00209-009-0517-8}}

@phdthesis{Quenneville-Belair2015,
	author = {Quenneville-Belair, Vincent},
	file = {:PhDThesis\\QuennevilleThesis.pdf:PDF},
	groups = {General relativity, PhDThesis},
	isbn = {978-1339-13097-2},
	mrclass = {Thesis},
	pages = {113},
	publisher = {ProQuest LLC, Ann Arbor, MI},
	school = {University of Minnesota},
	title = {A new approach to finite element simulations of general relativity},
	url = {http://gateway.proquest.com/openurl?url_ver=Z39.88-2004&rft_val_fmt=info:ofi/fmt:kev:mtx:dissertation&res_dat=xri:pqm&rft_dat=xri:pqdiss:3727846},
	year = {2015},
	bdsk-url-1 = {http://gateway.proquest.com/openurl?url_ver=Z39.88-2004&rft_val_fmt=info:ofi/fmt:kev:mtx:dissertation&res_dat=xri:pqm&rft_dat=xri:pqdiss:3727846}}

@article{Hu2015a,
	author = {Hu, Jun},
	file = {Hu2015a.pdf:elasticity\\Hu2015a.pdf:PDF},
	fjournal = {Journal of Computational Mathematics},
	groups = {Elasticity, MixedFEM},
	issn = {0254-9409},
	journal = {J. Comput. Math.},
	mrclass = {65N30 (74B10)},
	number = {3},
	owner = {Xuehai Huang},
	pages = {283--296},
	timestamp = {2015.08.20},
	title = {Finite element approximations of symmetric tensors on simplicial grids in {$\Bbb R^n$}: the higher order case},
	volume = {33},
	year = {2015},
	bdsk-url-1 = {http://dx.doi.org/10.4208/jcm.1412-m2014-0071}}

@article{ArnoldFalkWinther2006,
	author = {Arnold, Douglas N. and Falk, Richard S. and Winther, Ragnar},
	date-modified = {2022-01-25 10:42:07 -0800},
	file = {ArnoldFalkWinther2006.pdf:FEM\\ArnoldFalkWinther2006.pdf:PDF},
	fjournal = {Acta Numerica},
	groups = {H(curl), H(div), FEEC, FEM, curl, MixedFEM},
	issn = {0962-4929},
	journal = {Acta Numer.},
	mrclass = {58A15 (47N40 65N30 74G15 74S05)},
	mrnumber = {2269741 (2007j:58002)},
	mrreviewer = {Thomas Garrity},
	owner = {Administrator},
	pages = {1--155},
	timestamp = {2010.09.08},
	title = {Finite element exterior calculus, homological techniques, and applications},
	volume = {15},
	year = {2006},
	bdsk-url-1 = {http://dx.doi.org/10.1017/S0962492906210018}}

@article{HuZhang2015,
	author = {Hu, Jun and Zhang, ShangYou},
	file = {HuZhang2015.pdf:elasticity\\HuZhang2015.pdf:PDF},
	fjournal = {Science China. Mathematics},
	groups = {Elasticity, MixedFEM},
	issn = {1674-7283},
	journal = {Sci. China Math.},
	mrclass = {65N30 (74B05 74S05)},
	mrreviewer = {Corina-\c{S}tefania Drapaca},
	number = {2},
	owner = {Xuehai Huang},
	pages = {297--307},
	timestamp = {2015.08.20},
	title = {A family of symmetric mixed finite elements for linear elasticity on tetrahedral grids},
	volume = {58},
	year = {2015},
	bdsk-url-1 = {http://dx.doi.org/10.1007/s11425-014-4953-5}}

@incollection{RaviartThomas1977,
	address = {Berlin},
	author = {Raviart, P.-A. and Thomas, J. M.},
	booktitle = {Mathematical aspects of finite element methods ({P}roc. {C}onf., {C}onsiglio {N}az. delle {R}icerche ({C}.{N}.{R}.), {R}ome, 1975)},
	file = {RaviartThomas1977.pdf:mixedFEM\\RaviartThomas1977.pdf:PDF},
	groups = {FEM, Piola transformation, MixedFEM},
	mrclass = {65N30},
	mrreviewer = {Jan Bochenek},
	owner = {Administrator},
	pages = {292--315. Lecture Notes in Math., Vol. 606},
	publisher = {Springer},
	timestamp = {2012.02.07},
	title = {A mixed finite element method for 2nd order elliptic problems},
	year = {1977}}

@Misc{fealpy,
  author       = {Wei, Huayi and Huang, Yunqing and Chen, Chunyu},
  howpublished = {https://github.com/weihuayi/fealpy},
  title        = {FEALPy: Finite Element Analysis Library in Python},
  year         = {Xiangtan University, 2017-2023},
  institution  = {Xiangtan University},
}

@article{Nedelec1980,
	author = {N{\'e}d{\'e}lec, J.-C.},
	coden = {NUMMA7},
	file = {Nedelec1980.pdf:mixedFEM\\Nedelec1980.pdf:PDF},
	fjournal = {Numerische Mathematik},
	groups = {H(curl), FEM, curl, tensor-valued function, MixedFEM},
	issn = {0029-599X},
	journal = {Numer. Math.},
	mrclass = {65N30},
	mrnumber = {592160 (81k:65125)},
	mrreviewer = {P. G. Ciarlet},
	number = {3},
	owner = {Administrator},
	pages = {315--341},
	timestamp = {2010.09.08},
	title = {Mixed finite elements in {${\bf R}^{3}$}},
	volume = {35},
	year = {1980},
	bdsk-url-1 = {http://dx.doi.org/10.1007/BF01396415}}

@book{Arnold2018,
	author = {Arnold, Douglas N.},
	file = {:book/(CBMS-NSF regional conference series in applied mathematics) Douglas N. Arnold - Finite Element Exterior Calculus. 93-Society for Industrial and Applied Mathematics (2018).pdf:PDF},
	groups = {Books, FEEC},
	isbn = {978-1-611975-53-6},
	mrclass = {65N30 (47F05 58A10 58A12)},
	mrnumber = {3908678},
	pages = {xi+120},
	publisher = {Society for Industrial and Applied Mathematics (SIAM), Philadelphia, PA},
	series = {CBMS-NSF Regional Conference Series in Applied Mathematics},
	title = {Finite element exterior calculus},
	volume = {93},
	year = {2018},
	bdsk-url-1 = {https://doi.org/10.1137/1.9781611975543}}

@article{ArnoldWinther2002,
	author = {Arnold, Douglas N. and Winther, Ragnar},
	coden = {NUMMA7},
	comment = {Mixed finite element methods are desirable tools in linear elasticity as they lead to robust approximations with respect to the incompressible limit $(\lambda \to 0).$ The design of stable finite element spaces for the resulting mixed finite element scheme turned out to be extremely difficult and so the symmetry or the conformity was weakened if most typical finite element schemes were used. The authors establish the first stable and robust ansatz space.},
	file = {ArnoldWinther2002.pdf:elasticity\\ArnoldWinther2002.pdf:PDF},
	fjournal = {Numerische Mathematik},
	groups = {Elasticity, MixedFEM},
	issn = {0029-599X},
	journal = {Numer. Math.},
	mrclass = {65N30 (65N12 65N15 74G15 74S05)},
	mrreviewer = {Carsten Carstensen},
	number = {3},
	owner = {Administrator},
	pages = {401--419},
	timestamp = {2011.09.04},
	title = {Mixed finite elements for elasticity},
	volume = {92},
	year = {2002},
	bdsk-url-1 = {http://dx.doi.org/10.1007/s002110100348}}

@article{Chen;Huang:2021Finite,
	author = {Long Chen and Xuehai Huang},
	date-added = {2021-02-14 19:21:18 -0800},
	date-modified = {2021-02-14 19:22:12 -0800},
	journal = {arXiv preprint arXiv:2106.12786},
	title = {A Finite element elasticity complex in three dimensions},
	year = {2021}}

@book{Ciarlet1978,
	address = {Amsterdam},
	author = {Ciarlet, Philippe G.},
	comment = {Studies in Mathematics and its Applications, Vol. 4},
	date-added = {2009-01-21 15:45:04 -0500},
	date-modified = {2009-08-16 17:24:16 -0700},
	file = {:book\\The Finite Element Method for Elliptic Problems(Ciarlet).djvu:Djvu;:book\\The Finite Element Method for Elliptic Problems.pdf:PDF},
	groups = {FEM, tensor-valued function, Books},
	isbn = {0-444-85028-7},
	mrclass = {65N30},
	mrnumber = {MR0520174 (58 \#25001)},
	mrreviewer = {Josef Nedoma},
	owner = {Xuehai Huang},
	pages = {xix+530},
	publisher = {North-Holland Publishing Co.},
	timestamp = {2009.11.10},
	title = {The finite element method for elliptic problems},
	year = {1978}}

@article{ArnoldAwanouWinther2008,
	author = {Arnold, Douglas N. and Awanou, Gerard and Winther, Ragnar},
	coden = {MCMPAF},
	file = {ArnoldAwanouWinther2008.pdf:Journal\\MathComp\\year2008\\ArnoldAwanouWinther2008.pdf:PDF;ArnoldAwanouWinther2008.pdf:elasticity\\ArnoldAwanouWinther2008.pdf:PDF},
	fjournal = {Mathematics of Computation},
	groups = {Elasticity, MixedFEM},
	issn = {0025-5718},
	journal = {Math. Comp.},
	mrclass = {65N30 (74G15 74S05)},
	mrreviewer = {Satyendra K. Tomar},
	number = {263},
	owner = {Administrator},
	pages = {1229--1251},
	timestamp = {2012.05.10},
	title = {Finite elements for symmetric tensors in three dimensions},
	volume = {77},
	year = {2008},
	bdsk-url-1 = {http://dx.doi.org/10.1090/S0025-5718-08-02071-1}}

@incollection{BrezziDouglasMarini1986,
	author = {Brezzi, F. and Douglas, Jr., J. and Marini, L. D.},
	booktitle = {Vistas in applied mathematics},
	groups = {MixedFEM},
	mrclass = {65M60 (65N30)},
	pages = {25--43},
	publisher = {Optimization Software, New York},
	series = {Transl. Ser. Math. Engrg.},
	title = {Recent results on mixed finite element methods for second order elliptic problems},
	year = {1986}}

@article{BrezziDouglasDuranFortin1987,
	author = {Brezzi, Franco and Douglas, Jr., Jim and Dur{\'a}n, Ricardo and Fortin, Michel},
	coden = {NUMMA7},
	file = {BrezziDouglasDuranFortin1987.pdf:mixedFEM\\BrezziDouglasDuranFortin1987.pdf:PDF},
	fjournal = {Numerische Mathematik},
	groups = {MixedFEM},
	issn = {0029-599X},
	journal = {Numer. Math.},
	mrclass = {65N30},
	mrreviewer = {Jaroslaw Jelen},
	number = {2},
	owner = {Administrator},
	pages = {237--250},
	timestamp = {2012.05.15},
	title = {Mixed finite elements for second order elliptic problems in three variables},
	volume = {51},
	year = {1987},
	bdsk-url-1 = {http://dx.doi.org/10.1007/BF01396752}}

@article{HuZhang2016,
	author = {Hu, Jun and Zhang, Shangyou},
	file = {HuZhang2016.pdf:elasticity\\HuZhang2016.pdf:PDF},
	fjournal = {Mathematical Models and Methods in Applied Sciences},
	groups = {Elasticity, MixedFEM},
	issn = {0218-2025},
	journal = {Math. Models Methods Appl. Sci.},
	mrclass = {65N30 (65N12)},
	number = {9},
	pages = {1649--1669},
	timestamp = {2016-11-04},
	title = {Finite element approximations of symmetric tensors on simplicial grids in {$\Bbb{R}^n$}: the lower order case},
	volume = {26},
	year = {2016},
	bdsk-url-1 = {http://dx.doi.org/10.1142/S0218202516500408}}

@article{ArnoldAwanou2005,
	author = {Arnold, Douglas N. and Awanou, Gerard},
	doi = {10.1142/S0218202505000741},
	file = {ArnoldAwanou2005.pdf:elasticity\\ArnoldAwanou2005.pdf:PDF},
	fjournal = {Mathematical Models \& Methods in Applied Sciences},
	groups = {Elasticity, MixedFEM},
	issn = {0218-2025},
	journal = {Math. Models Methods Appl. Sci.},
	mrclass = {65N30 (74S05)},
	mrnumber = {2166210 (2006f:65112)},
	mrreviewer = {Carsten Carstensen},
	number = {9},
	owner = {Administrator},
	pages = {1417--1429},
	timestamp = {2012.05.10},
	title = {Rectangular mixed finite elements for elasticity},
	url = {http://dx.doi.org/10.1142/S0218202505000741},
	volume = {15},
	year = {2005},
	bdsk-url-1 = {http://dx.doi.org/10.1142/S0218202505000741}}

@article{Hu2015,
	author = {Hu, Jun},
	file = {Hu2015.pdf:elasticity\\Hu2015.pdf:PDF},
	fjournal = {SIAM Journal on Numerical Analysis},
	groups = {Elasticity, MixedFEM},
	issn = {0036-1429},
	journal = {SIAM J. Numer. Anal.},
	mrclass = {65N30 (35Q74 65N15 74B05)},
	number = {3},
	owner = {Xuehai Huang},
	pages = {1438--1463},
	timestamp = {2015.09.05},
	title = {A new family of efficient conforming mixed finite elements on both rectangular and cuboid meshes for linear elasticity in the symmetric formulation},
	volume = {53},
	year = {2015},
	bdsk-url-1 = {http://dx.doi.org/10.1137/130945272}}

@article{HuManZhang2014,
	author = {Hu, Jun and Man, Hongying and Zhang, Shangyou},
	doi = {10.1007/s10915-013-9736-6},
	file = {HuManZhang2014.pdf:elasticity\\HuManZhang2014.pdf:PDF},
	fjournal = {Journal of Scientific Computing},
	groups = {Elasticity, MixedFEM},
	issn = {0885-7474},
	journal = {J. Sci. Comput.},
	mrclass = {65N30 (65N12 74B05 74S05)},
	mrreviewer = {Marco Verani},
	number = {2},
	owner = {Xuehai Huang},
	pages = {367--379},
	timestamp = {2015.08.20},
	title = {A simple conforming mixed finite element for linear elasticity on rectangular grids in any space dimension},
	url = {http://dx.doi.org/10.1007/s10915-013-9736-6},
	volume = {58},
	year = {2014},
	bdsk-url-1 = {http://dx.doi.org/10.1007/s10915-013-9736-6}}

@article{Awanou2012,
	author = {Awanou, Gerard},
	coden = {JSCOEB},
	doi = {10.1007/s10915-011-9474-6},
	file = {:elasticity\\Awanou2012.pdf:PDF},
	fjournal = {Journal of Scientific Computing},
	groups = {Elasticity, MixedFEM},
	issn = {0885-7474},
	journal = {J. Sci. Comput.},
	mrclass = {65N30 (65N15 74B05 74S05)},
	mrreviewer = {Arnd Meyer},
	number = {1},
	owner = {Administrator},
	pages = {91--102},
	timestamp = {2012.10.08},
	title = {Two remarks on rectangular mixed finite elements for elasticity},
	url = {http://dx.doi.org/10.1007/s10915-011-9474-6},
	volume = {50},
	year = {2012},
	bdsk-url-1 = {http://dx.doi.org/10.1007/s10915-011-9474-6}}

@article{ChenWang2011,
	author = {Chen, Shao-Chun and Wang, Ya-Na},
	coden = {JSCOEB},
	doi = {10.1007/s10915-010-9422-x},
	file = {ChenWang2011.pdf:elasticity\\ChenWang2011.pdf:PDF},
	fjournal = {Journal of Scientific Computing},
	groups = {Elasticity, MixedFEM},
	issn = {0885-7474},
	journal = {J. Sci. Comput.},
	mrclass = {65N30 (65N12 74B05 74S05)},
	mrreviewer = {S{\'e}bastien J. Boyaval},
	number = {1},
	owner = {Administrator},
	pages = {93--108},
	timestamp = {2012.05.10},
	title = {Conforming rectangular mixed finite elements for elasticity},
	url = {http://dx.doi.org/10.1007/s10915-010-9422-x},
	volume = {47},
	year = {2011},
	bdsk-url-1 = {http://dx.doi.org/10.1007/s10915-010-9422-x}}

@article{WuGongXu2017,
	author = {Wu, Shuonan and Gong, Shihua and Xu, Jinchao},
	doi = {10.1142/S0218202517500567},
	file = {:elasticity/WuGongXu2017.pdf:PDF},
	fjournal = {Mathematical Models and Methods in Applied Sciences},
	groups = {Elasticity, DG, MixedFEM},
	issn = {0218-2025},
	journal = {Math. Models Methods Appl. Sci.},
	mrclass = {65N30 (35Q74 65N15 74B05)},
	mrnumber = {3723734},
	mrreviewer = {Alberto Valli},
	number = {14},
	pages = {2711--2743},
	title = {Interior penalty mixed finite element methods of any order in any dimension for linear elasticity with strongly symmetric stress tensor},
	url = {https://doi.org/10.1142/S0218202517500567},
	volume = {27},
	year = {2017},
	bdsk-url-1 = {https://doi.org/10.1142/S0218202517500567}}

@article{ArnoldAwanouWinther2014,
	author = {Arnold, Douglas N. and Awanou, Gerard and Winther, Ragnar},
	doi = {10.1142/S021820251350067X},
	file = {ArnoldAwanouWinther2014.pdf:elasticity\\ArnoldAwanouWinther2014.pdf:PDF},
	fjournal = {Mathematical Models and Methods in Applied Sciences},
	groups = {Elasticity, MixedFEM},
	issn = {0218-2025},
	journal = {Math. Models Methods Appl. Sci.},
	mrclass = {Preliminary Data},
	number = {4},
	owner = {Xuehai Huang},
	pages = {783--796},
	timestamp = {2014.04.15},
	title = {Nonconforming tetrahedral mixed finite elements for elasticity},
	url = {http://dx.doi.org/10.1142/S021820251350067X},
	volume = {24},
	year = {2014},
	bdsk-url-1 = {http://dx.doi.org/10.1142/S021820251350067X}}

@article{GopalakrishnanGuzman2011,
	author = {Gopalakrishnan, J. and Guzm{\'a}n, J.},
	coden = {SJNAAM},
	doi = {10.1137/10080018X},
	file = {GopalakrishnanGuzman2011.pdf:elasticity\\GopalakrishnanGuzman2011.pdf:PDF},
	fjournal = {SIAM Journal on Numerical Analysis},
	groups = {Elasticity, MixedFEM},
	issn = {0036-1429},
	journal = {SIAM J. Numer. Anal.},
	mrclass = {65N30 (35Q74 74B05 74S05)},
	number = {4},
	owner = {Administrator},
	pages = {1504--1520},
	timestamp = {2012.06.01},
	title = {Symmetric nonconforming mixed finite elements for linear elasticity},
	url = {http://dx.doi.org/10.1137/10080018X},
	volume = {49},
	year = {2011},
	bdsk-url-1 = {http://dx.doi.org/10.1137/10080018X}}

@article{XieXu2011,
	author = {Xie, XiaoPing and Xu, JinChao},
	doi = {10.1007/s11425-011-4171-3},
	file = {:elasticity\\XieXu2011.pdf:PDF},
	fjournal = {Science China. Mathematics},
	groups = {Elasticity, Stokes Equation, MixedFEM},
	issn = {1674-7283},
	journal = {Sci. China Math.},
	mrclass = {65N30 (74B05 74S05 76M10)},
	mrreviewer = {Rolf Stenberg},
	number = {7},
	owner = {Administrator},
	pages = {1499--1519},
	timestamp = {2012.09.28},
	title = {New mixed finite elements for plane elasticity and {S}tokes equations},
	url = {http://dx.doi.org/10.1007/s11425-011-4171-3},
	volume = {54},
	year = {2011},
	bdsk-url-1 = {http://dx.doi.org/10.1007/s11425-011-4171-3}}

@article{ArnoldWinther2003a,
	author = {Arnold, Douglas N. and Winther, Ragnar},
	doi = {10.1142/S0218202503002507},
	file = {:elasticity\\ArnoldWinther2003a.pdf:PDF},
	fjournal = {Mathematical Models \& Methods in Applied Sciences},
	groups = {Elasticity, MixedFEM},
	issn = {0218-2025},
	journal = {Math. Models Methods Appl. Sci.},
	mrclass = {65N30 (65N12 65N15 74G15 74S05)},
	mrreviewer = {Ji{\v{r}}{\'{\i}} Nedoma},
	number = {3},
	owner = {Administrator},
	pages = {295--307},
	timestamp = {2012.10.06},
	title = {Nonconforming mixed elements for elasticity},
	url = {http://dx.doi.org/10.1142/S0218202503002507},
	volume = {13},
	year = {2003},
	bdsk-url-1 = {http://dx.doi.org/10.1142/S0218202503002507}}

@article{HuShi2007a,
	author = {Hu, Jun and Shi, Zhong-Ci},
	doi = {10.1137/060669681},
	file = {HuShi2007a.pdf:elasticity\\HuShi2007a.pdf:PDF},
	fjournal = {SIAM Journal on Numerical Analysis},
	groups = {Elasticity, MixedFEM},
	issn = {0036-1429},
	journal = {SIAM J. Numer. Anal.},
	mrclass = {65N30 (35J55 35Q72 65N15 74B05 74G15 74S05)},
	mrnumber = {2377256 (2008m:65321)},
	number = {1},
	owner = {Xuehai Huang},
	pages = {88--102},
	timestamp = {2015.09.05},
	title = {Lower order rectangular nonconforming mixed finite elements for plane elasticity},
	url = {http://dx.doi.org/10.1137/060669681},
	volume = {46},
	year = {2007},
	bdsk-url-1 = {http://dx.doi.org/10.1137/060669681}}

@article{ManHuShi2009,
	author = {Man, Hong-Ying and Hu, Jun and Shi, Zhong-Ci},
	doi = {10.1142/S0218202509003358},
	file = {:elasticity\\ManHuShi2009.pdf:PDF},
	fjournal = {Mathematical Models \& Methods in Applied Sciences},
	groups = {Elasticity, MixedFEM},
	issn = {0218-2025},
	journal = {Math. Models Methods Appl. Sci.},
	mrclass = {74B05 (65N30 74S05)},
	mrreviewer = {Shaochun Chen},
	number = {1},
	owner = {Administrator},
	pages = {51--65},
	timestamp = {2012.10.06},
	title = {Lower order rectangular nonconforming mixed finite element for the three-dimensional elasticity problem},
	url = {http://dx.doi.org/10.1142/S0218202509003358},
	volume = {19},
	year = {2009},
	bdsk-url-1 = {http://dx.doi.org/10.1142/S0218202509003358}}

@article{Yi2005,
	author = {Yi, S.-Y.},
	doi = {10.1007/s10092-005-0101-5},
	file = {Yi2005.pdf:Obstacle problem\\Yi2005.pdf:PDF},
	fjournal = {Calcolo. A Quarterly on Numerical Analysis and Theory of Computation},
	groups = {Elasticity, MixedFEM},
	issn = {0008-0624},
	journal = {Calcolo},
	mrclass = {74S05 (65N30 74B05 74G15)},
	mrreviewer = {Jean-Luc Guermond},
	number = {2},
	owner = {Xuehai Huang},
	pages = {115--133},
	timestamp = {2015.09.05},
	title = {Nonconforming mixed finite element methods for linear elasticity using rectangular elements in two and three dimensions},
	url = {http://dx.doi.org/10.1007/s10092-005-0101-5},
	volume = {42},
	year = {2005},
	bdsk-url-1 = {http://dx.doi.org/10.1007/s10092-005-0101-5}}

@article{Yi2006,
	author = {Yi, Son-Young},
	doi = {10.1142/S0218202506001431},
	file = {:elasticity\\Yi2006.pdf:PDF},
	fjournal = {Mathematical Models \& Methods in Applied Sciences},
	groups = {Elasticity, MixedFEM},
	issn = {0218-2025},
	journal = {Math. Models Methods Appl. Sci.},
	mrclass = {65N30 (74B05 74G15 74S05)},
	mrreviewer = {Ruben Juanes},
	number = {7},
	owner = {Administrator},
	pages = {979--999},
	timestamp = {2012.10.06},
	title = {A new nonconforming mixed finite element method for linear elasticity},
	url = {http://dx.doi.org/10.1142/S0218202506001431},
	volume = {16},
	year = {2006},
	bdsk-url-1 = {http://dx.doi.org/10.1142/S0218202506001431}}

@article{HuMa2019,
	author = {Hu, Jun and Ma, Rui},
	doi = {10.1002/num.22321},
	file = {:elasticity/HuMa2019.pdf:PDF},
	fjournal = {Numerical Methods for Partial Differential Equations. An International Journal},
	groups = {Elasticity, MixedFEM},
	issn = {0749-159X},
	journal = {Numer. Methods Partial Differential Equations},
	mrclass = {65N30 (74B05)},
	mrnumber = {3915230},
	mrreviewer = {Oanh Chau},
	number = {2},
	pages = {716--732},
	title = {Nonconforming mixed finite elements for linear elasticity on simplicial grids},
	url = {https://doi.org/10.1002/num.22321},
	volume = {35},
	year = {2019},
	bdsk-url-1 = {https://doi.org/10.1002/num.22321}}

@article{HuMa2018a,
	author = {Hu, Jun and Ma, Rui},
	file = {:elasticity/HuMa2018a.pdf:PDF},
	fjournal = {International Journal of Numerical Analysis and Modeling},
	groups = {Elasticity, MixedFEM},
	issn = {1705-5105},
	journal = {Int. J. Numer. Anal. Model.},
	mrclass = {65N30 (74B05)},
	mrnumber = {3722955},
	mrreviewer = {Loredana Angela Mihai},
	number = {1-2},
	pages = {228--242},
	title = {Conforming mixed triangular prism elements for the linear elasticity problem},
	volume = {15},
	year = {2018}}

@article{Chen;Huang:2020Discrete,
	author = {Chen, Long and Huang, Xuehai},
	date-added = {2021-02-12 22:08:15 -0800},
	date-modified = {2021-02-12 22:08:34 -0800},
	journal = {arXiv preprint arXiv:2012.10914},
	title = {Discrete {Hessian} complexes in three dimensions},
	url = {https://arxiv.org/abs/2012.10914},
	year = {2020},
	bdsk-url-1 = {https://arxiv.org/abs/2012.10914}}

@article{Floater;Hu:2020characterization,
	author = {Floater, Michael S. and Hu, Kaibo},
	fjournal = {Advances in Computational Mathematics},
	issn = {1019-7168},
	journal = {Adv. Comput. Math.},
	mrclass = {65D07 (41A15)},
	mrnumber = {4141530},
	mrreviewer = {Peter Alfeld},
	number = {5},
	pages = {Paper No. 70, 15},
	title = {A characterization of supersmoothness of multivariate splines},
	volume = {46},
	year = {2020},
	bdsk-url-1 = {https://doi.org/10.1007/s10444-020-09813-y}}

@article{Nedelec:1986family,
	author = {N{\'e}d{\'e}lec, J.-C.},
	coden = {NUMMA7},
	file = {Nedelec1986.pdf:mixedFEM\\Nedelec1986.pdf:PDF},
	fjournal = {Numerische Mathematik},
	groups = {FEM, MixedFEM},
	issn = {0029-599X},
	journal = {Numer. Math.},
	mrclass = {65N30},
	mrnumber = {864305 (88e:65145)},
	mrreviewer = {Reinhard Scholz},
	number = {1},
	owner = {Administrator},
	pages = {57--81},
	timestamp = {2010.09.08},
	title = {A new family of mixed finite elements in {${\bf R}^3$}},
	volume = {50},
	year = {1986},
	bdsk-url-1 = {http://dx.doi.org/10.1007/BF01389668}}

@book{Hatcher2002,
	author = {Hatcher, Allen},
	file = {:book\\Algebraic_Topology[Allen_Hatcher]\\[Allen_Hatcher]_Algebraic_Topology(BookZZ.org).djvu:Djvu;:book\\Algebraic_Topology[Allen_Hatcher]\\[Allen_Hatcher]_Algebraic_topology(BookZZ.org).pdf:PDF},
	groups = {Algebra, Topology, Books},
	isbn = {0-521-79160-X; 0-521-79540-0},
	mrclass = {55-01 (55-00)},
	mrnumber = {1867354},
	mrreviewer = {Donald W. Kahn},
	pages = {xii+544},
	publisher = {Cambridge University Press, Cambridge},
	title = {Algebraic topology},
	year = {2002}}

@article{LovadinaStenberg2006,
	author = {Lovadina, Carlo and Stenberg, Rolf},
	coden = {MCMPAF},
	doi = {10.1090/S0025-5718-06-01872-2},
	file = {:AFEM\\Lovadina.C\;Stenberg.R2006.pdf:PDF},
	fjournal = {Mathematics of Computation},
	groups = {Adaptive FEM, MixedFEM},
	issn = {0025-5718},
	journal = {Math. Comp.},
	mrclass = {65N30 (65N15)},
	mrreviewer = {Gerd Rapin},
	number = {256},
	owner = {Administrator},
	pages = {1659--1674},
	timestamp = {2013.01.20},
	title = {Energy norm a posteriori error estimates for mixed finite element methods},
	url = {http://dx.doi.org/10.1090/S0025-5718-06-01872-2},
	volume = {75},
	year = {2006},
	bdsk-url-1 = {http://dx.doi.org/10.1090/S0025-5718-06-01872-2}}

@article{Christiansen2011,
	author = {Christiansen, Snorre H.},
	coden = {NUMMA7},
	date-modified = {2022-01-25 10:42:53 -0800},
	file = {Christiansen2011.pdf:elasticity\\Christiansen2011.pdf:PDF},
	fjournal = {Numerische Mathematik},
	groups = {Elasticity, H(curl), FEM, MixedFEM},
	issn = {0029-599X},
	journal = {Numer. Math.},
	mrclass = {65N30 (83C27)},
	number = {4},
	owner = {Xuehai Huang},
	pages = {613--640},
	timestamp = {2014.11.30},
	title = {On the linearization of {R}egge calculus},
	volume = {119},
	year = {2011},
	bdsk-url-1 = {http://dx.doi.org/10.1007/s00211-011-0394-z}}

@Article{Huang2021,
  author  = {Xuehai Huang},
  journal = {arXiv preprint arXiv:2105.12973},
  title   = {{$H^m$}-conforming virtual elements in arbitrary dimension},
  year    = {2021},
}

@Article{BeiraoBrezziCangianiManziniEtAl2013,
  author     = {Beir{\~a}o da Veiga, L. and Brezzi, F. and Cangiani, A. and Manzini, G. and Marini, L. D. and Russo, A.},
  journal    = {Math. Models Methods Appl. Sci.},
  title      = {Basic principles of virtual element methods},
  year       = {2013},
  issn       = {0218-2025},
  number     = {1},
  pages      = {199--214},
  volume     = {23},
  file       = {BeiraoBrezziCangianiManziniEtAl2013.pdf:VEM\\BeiraoBrezziCangianiManziniEtAl2013.pdf:PDF},
  fjournal   = {Mathematical Models and Methods in Applied Sciences},
  groups     = {VEM},
  mrclass    = {65N06},
  mrreviewer = {Bo{\v{s}}ko S. Jovanovi{\'c}},
  owner      = {Xuehai Huang},
  timestamp  = {2014.08.14},
}

@Article{BeiraoBrezziMariniRusso2014,
  author    = {Beir{\~a}o da Veiga, L. and Brezzi, F. and Marini, L. D. and Russo, A.},
  journal   = {Math. Models Methods Appl. Sci.},
  title     = {The hitchhiker's guide to the virtual element method},
  year      = {2014},
  issn      = {0218-2025},
  number    = {8},
  pages     = {1541--1573},
  volume    = {24},
  file      = {BeiraoBrezziMariniRusso2014.pdf:VEM\\BeiraoBrezziMariniRusso2014.pdf:PDF},
  fjournal  = {Mathematical Models and Methods in Applied Sciences},
  groups    = {VEM},
  mrclass   = {65N30},
  owner     = {Xuehai Huang},
  timestamp = {2014.08.14},
}

@Article{AhmadAlsaediBrezziMariniEtAl2013,
  author     = {Ahmad, B. and Alsaedi, A. and Brezzi, F. and Marini, L. D. and Russo, A.},
  journal    = {Comput. Math. Appl.},
  title      = {Equivalent projectors for virtual element methods},
  year       = {2013},
  issn       = {0898-1221},
  number     = {3},
  pages      = {376--391},
  volume     = {66},
  file       = {AhmadAlsaediBrezziMariniEtAl2013.pdf:VEM\\AhmadAlsaediBrezziMariniEtAl2013.pdf:PDF},
  fjournal   = {Computers \& Mathematics with Applications. An International Journal},
  groups     = {VEM},
  mrclass    = {65N30 (65N12)},
  mrreviewer = {Francesco Calabr{\`o}},
  owner      = {Xuehai Huang},
  timestamp  = {2014.08.14},
}

@Article{ChenHuang2018,
  author   = {Chen, Long and Huang, Jianguo},
  journal  = {Calcolo},
  title    = {Some error analysis on virtual element methods},
  year     = {2018},
  issn     = {0008-0624},
  number   = {1},
  pages    = {55:5},
  volume   = {55},
  file     = {:VEM/ChenHuang2018.pdf:PDF},
  fjournal = {Calcolo. A Quarterly on Numerical Analysis and Theory of Computation},
  groups   = {VEM},
  mrclass  = {65N30 (65N12)},
  mrnumber = {3760899},
}

@Article{BeiraodaVeigaLovadinaRusso2017,
  author   = {Beir\~ao da Veiga, Louren\c{c}o and Lovadina, Carlo and Russo, Alessandro},
  journal  = {Math. Models Methods Appl. Sci.},
  title    = {Stability analysis for the virtual element method},
  year     = {2017},
  issn     = {0218-2025},
  number   = {13},
  pages    = {2557--2594},
  volume   = {27},
  file     = {:VEM/BeiraodaVeigaLovadinaRusso2017.pdf:PDF},
  fjournal = {Mathematical Models and Methods in Applied Sciences},
  groups   = {VEM},
  mrclass  = {65N12 (35J62 65N15 65N30)},
  mrnumber = {3714637},
}

@Article{BrennerSung2018,
  author   = {Brenner, Susanne C. and Sung, Li-Yeng},
  journal  = {Math. Models Methods Appl. Sci.},
  title    = {Virtual element methods on meshes with small edges or faces},
  year     = {2018},
  issn     = {0218-2025},
  number   = {7},
  pages    = {1291--1336},
  volume   = {28},
  file     = {:VEM/BrennerSung2018.pdf:PDF},
  fjournal = {Mathematical Models and Methods in Applied Sciences},
  groups   = {VEM},
  mrclass  = {65N30 (65N12 65N15)},
  mrnumber = {3815658},
}

@Article{ChenHuang2021divX,
  author  = {Long Chen and Xuehai Huang},
  journal = {arXiv preprint arXiv:2112.14351},
  title   = {Geometric Decompositions of Div-Conforming Finite Element Tensors},
  year    = {2021},
}

@Article{Huang2020,
  author   = {Huang, Xuehai},
  journal  = {Calcolo},
  title    = {Nonconforming virtual element method for 2{$m$}th order partial differential equations in {$\Bbb R^n$} with {$m>n$}},
  year     = {2020},
  issn     = {0008-0624},
  number   = {4},
  pages    = {Paper No. 42, 38},
  volume   = {57},
  file     = {:myPapers/Huang2020.pdf:PDF},
  fjournal = {Calcolo. A Quarterly on Numerical Analysis and Theory of Computation},
  groups   = {11771338, 2019110066},
  mrclass  = {65N30 (65N15)},
  mrnumber = {4179722},
}

@Article{WeiHuangLi2021,
  author   = {Wei, Huayi and Huang, Xuehai and Li, Ao},
  journal  = {SIAM J. Numer. Anal.},
  title    = {Piecewise divergence-free nonconforming virtual elements for {S}tokes problem in any dimensions},
  year     = {2021},
  issn     = {0036-1429},
  number   = {3},
  pages    = {1835--1856},
  volume   = {59},
  doi      = {10.1137/20M1350479},
  file     = {:myPapers/WeiHuangLi2021.pdf:PDF},
  fjournal = {SIAM Journal on Numerical Analysis},
  groups   = {11771338, 12071289, 21ZR1480500, 2019110066},
  mrclass  = {65N30 (35Q30 65N12 65N22 76D07)},
  mrnumber = {4279152},
  url      = {https://doi.org/10.1137/20M1350479},
}

@InCollection{LaxMilgram1954,
  author     = {Lax, P. D. and Milgram, A. N.},
  booktitle  = {Contributions to the theory of partial differential equations},
  publisher  = {Princeton University Press, Princeton, N.J.},
  title      = {Parabolic equations},
  year       = {1954},
  pages      = {167--190},
  series     = {Annals of Mathematics Studies, no. 33},
  groups     = {PDE},
  mrclass    = {35.0X},
  mrnumber   = {0067317},
  mrreviewer = {L. G\aa rding},
}

@Article{FalkWinther2014,
  author     = {Falk, Richard S. and Winther, Ragnar},
  journal    = {Math. Comp.},
  title      = {Local bounded cochain projections},
  year       = {2014},
  issn       = {0025-5718},
  number     = {290},
  pages      = {2631--2656},
  volume     = {83},
  file       = {:/Volumes/GoogleDrive/我的云端硬盘/paperLibrary/FEEC/FalkWinther2014.pdf:PDF},
  fjournal   = {Mathematics of Computation},
  groups     = {FEEC},
  mrclass    = {65N30 (58A10)},
  mrnumber   = {3246803},
  mrreviewer = {J\'{a}n Lov\'{i}\v{s}ek},
}

@Article{ArnoldGuzman2021,
  author   = {Arnold, Douglas and Guzm\'{a}n, Johnny},
  journal  = {ESAIM Math. Model. Numer. Anal.},
  title    = {Local {$L^2$}-bounded commuting projections in {FEEC}},
  year     = {2021},
  issn     = {0764-583X},
  number   = {5},
  pages    = {2169--2184},
  volume   = {55},
  file     = {:/Volumes/GoogleDrive/我的云端硬盘/paperLibrary/FEEC/ArnoldGuzman2021.pdf:PDF},
  fjournal = {ESAIM. Mathematical Modelling and Numerical Analysis},
  groups   = {FEEC},
  mrclass  = {65N30},
  mrnumber = {4323408},
}

@Article{ChristiansenWinther2008,
  author     = {Christiansen, Snorre H. and Winther, Ragnar},
  journal    = {Math. Comp.},
  title      = {Smoothed projections in finite element exterior calculus},
  year       = {2008},
  issn       = {0025-5718},
  number     = {262},
  pages      = {813--829},
  volume     = {77},
  coden      = {MCMPAF},
  doi        = {10.1090/S0025-5718-07-02081-9},
  file       = {:FEM\\ChristiansenWinther2008.pdf:PDF},
  fjournal   = {Mathematics of Computation},
  groups     = {FEEC, FEM},
  mrclass    = {65N30 (53A45)},
  mrreviewer = {Friedhelm Schieweck},
  owner      = {Administrator},
  timestamp  = {2012.12.09},
}

@Article{Licht2019a,
  author   = {Licht, Martin W.},
  journal  = {Math. Comp.},
  title    = {Smoothed projections and mixed boundary conditions},
  year     = {2019},
  issn     = {0025-5718},
  number   = {316},
  pages    = {607--635},
  volume   = {88},
  doi      = {10.1090/mcom/3330},
  file     = {:/Volumes/GoogleDrive/我的云端硬盘/paperLibrary/FEEC/Licht2019a.pdf:PDF},
  fjournal = {Mathematics of Computation},
  groups   = {FEEC},
  mrclass  = {65N30 (58A12)},
  mrnumber = {3882278},
  url      = {https://doi.org/10.1090/mcom/3330},
}

@Article{ChenHuang2020ncvem,
  author   = {Chen, Long and Huang, Xuehai},
  journal  = {Math. Comp.},
  title    = {Nonconforming Virtual Element Method for {$2m$}th Order Partial Differential Equations in {$\Bbb{R}^n$}},
  year     = {2020},
  issn     = {0025-5718},
  number   = {324},
  pages    = {1711--1744},
  volume   = {89},
  file     = {:/Volumes/GoogleDrive/我的云端硬盘/paperLibrary/myPapers/ChenHuang2020.pdf:PDF},
  fjournal = {Mathematics of Computation},
  groups   = {11771338, LY17A010010, 2019110066},
  mrclass  = {65N30 (65N12 65N22)},
  mrnumber = {4081916},
}

@Article{AyusodeDiosLipnikovManzini2016,
  author   = {Ayuso de Dios, Blanca and Lipnikov, Konstantin and Manzini, Gianmarco},
  journal  = {ESAIM Math. Model. Numer. Anal.},
  title    = {The nonconforming virtual element method},
  year     = {2016},
  issn     = {0764-583X},
  number   = {3},
  pages    = {879--904},
  volume   = {50},
  file     = {:VEM/AyusodeDiosLipnikovManzini2016.pdf:PDF},
  fjournal = {ESAIM. Mathematical Modelling and Numerical Analysis},
  groups   = {VEM},
  mrclass  = {65N30 (65N12)},
  mrnumber = {3507277},
}

@Article{BerroneBorioMarcon2021,
  author  = {Stefano Berrone and Andrea Borio and Francesca Marcon},
  journal = {arXiv preprint arXiv:2103.16896},
  title   = {Lowest order stabilization free Virtual Element Method for the {P}oisson equation},
  year    = {2021},
}

@Article{BerroneBorioMarcon2022,
  author   = {Berrone, Stefano and Borio, Andrea and Marcon, Francesca},
  journal  = {Appl. Math. Lett.},
  title    = {Comparison of standard and stabilization free virtual elements on anisotropic elliptic problems},
  year     = {2022},
  issn     = {0893-9659},
  pages    = {Paper No. 107971, 5},
  volume   = {129},
  file     = {:/Volumes/GoogleDrive/我的云端硬盘/paperLibrary/VEM/BerroneBorioMarcon2022.pdf:PDF},
  fjournal = {Applied Mathematics Letters. An International Journal of Rapid Publication},
  groups   = {VEM},
  mrclass  = {65N30 (65N12)},
  mrnumber = {4379757},
}

@Article{DAltriMirandaPatrunoSacco2021,
  author   = {D'Altri, A. M. and de Miranda, S. and Patruno, L. and Sacco, E.},
  journal  = {Comput. Methods Appl. Mech. Engrg.},
  title    = {An enhanced {VEM} formulation for plane elasticity},
  year     = {2021},
  issn     = {0045-7825},
  pages    = {Paper No. 113663, 17},
  volume   = {376},
  file     = {:/Volumes/GoogleDrive/我的云端硬盘/paperLibrary/VEM/DAltriMirandaPatrunoSacco2021.pdf:PDF},
  fjournal = {Computer Methods in Applied Mechanics and Engineering},
  groups   = {Elasticity, VEM},
  mrclass  = {65N30 (74B05)},
  mrnumber = {4204390},
}

@Article{BeiraodaVeigaBrezziMariniRusso2016,
  author    = {Beir{\~a}o da Veiga, L. and Brezzi, F. and Marini, L. D. and Russo, A.},
  journal   = {Math. Models Methods Appl. Sci.},
  title     = {Virtual element method for general second-order elliptic problems on polygonal meshes},
  year      = {2016},
  issn      = {0218-2025},
  number    = {4},
  pages     = {729--750},
  volume    = {26},
  file      = {BeiraodaVeigaBrezziMariniRusso2016a.pdf:/Volumes/GoogleDrive/我的云端硬盘/paperLibrary/VEM/BeiraodaVeigaBrezziMariniRusso2016a.pdf:PDF},
  fjournal  = {Mathematical Models and Methods in Applied Sciences},
  groups    = {VEM},
  mrclass   = {65N30 (35J25)},
  mrnumber  = {3460621},
  timestamp = {2016-12-15},
}

@Article{Chen;Huang:2020Finite,
  author   = {Chen, Long and Huang, Xuehai},
  journal  = {Math. Comp.},
  title    = {Finite elements for {${\rm div\,div}$} conforming symmetric tensors in three dimensions},
  year     = {2022},
  issn     = {0025-5718},
  number   = {335},
  pages    = {1107--1142},
  volume   = {91},
  file     = {:/Users/huangxuehai/Library/CloudStorage/GoogleDrive-xuehaihuang@gmail.com/我的云端硬盘/paperLibrary/myPapers/ChenHuang2022.pdf:PDF},
  fjournal = {Mathematics of Computation},
  groups   = {11771338, 12171300, 21ZR1480500, 2019110066},
  mrclass  = {65N30 (65N12 65N22)},
  mrnumber = {4405490},
}

@Article{ChenHuang2021divdiv,
  author   = {Chen, Long and Huang, Xuehai},
  journal  = {SIAM J. Numer. Anal.},
  title    = {Finite elements for div- and divdiv-conforming symmetric tensors in arbitrary dimension},
  year     = {2022},
  issn     = {0036-1429},
  number   = {4},
  pages    = {1932--1961},
  volume   = {60},
  file     = {:/Users/huangxuehai/Library/CloudStorage/GoogleDrive-xuehaihuang@gmail.com/我的云端硬盘/paperLibrary/myPapers/ChenHuang2022a.pdf:PDF},
  fjournal = {SIAM Journal on Numerical Analysis},
  groups   = {11771338, 12171300, 21ZR1480500, 2019110066},
  mrclass  = {65N30 (74S05)},
  mrnumber = {4458899},
}

@Article{CicuttinErnLemaire2019,
  author     = {Cicuttin, Matteo and Ern, Alexandre and Lemaire, Simon},
  journal    = {Comput. Methods Appl. Math.},
  title      = {A hybrid high-order method for highly oscillatory elliptic problems},
  year       = {2019},
  issn       = {1609-4840},
  number     = {4},
  pages      = {723--748},
  volume     = {19},
  fjournal   = {Computational Methods in Applied Mathematics},
  mrclass    = {65N30 (65N08 76R50)},
  mrnumber   = {4015218},
  mrreviewer = {Steve Wright},
}

@Article{CangianiGeorgoulisPryerSutton2017,
  author   = {Cangiani, Andrea and Georgoulis, Emmanuil H. and Pryer, Tristan and Sutton, Oliver J.},
  journal  = {Numer. Math.},
  title    = {A posteriori error estimates for the virtual element method},
  year     = {2017},
  issn     = {0029-599X},
  number   = {4},
  pages    = {857--893},
  volume   = {137},
  file     = {:/Users/huangxuehai/Library/CloudStorage/GoogleDrive-xuehaihuang@gmail.com/我的云端硬盘/paperLibrary/VEM/CangianiGeorgoulisPryerSutton2017.pdf:PDF},
  fjournal = {Numerische Mathematik},
  groups   = {Adaptive FEM, VEM},
  mrclass  = {65N30 (65G99 65N15)},
  mrnumber = {3719046},
}

@Article{BenedettoBerroneBorioPieracciniEtAl2016,
  author   = {Benedetto, M. F. and Berrone, S. and Borio, A. and Pieraccini, S. and Scial\`o, S.},
  journal  = {Comput. Methods Appl. Mech. Engrg.},
  title    = {Order preserving {SUPG} stabilization for the virtual element formulation of advection-diffusion problems},
  year     = {2016},
  issn     = {0045-7825},
  pages    = {18--40},
  volume   = {311},
  doi      = {10.1016/j.cma.2016.07.043},
  file     = {:/Users/huangxuehai/Library/CloudStorage/GoogleDrive-xuehaihuang@gmail.com/我的云端硬盘/paperLibrary/VEM/BenedettoBerroneBorioPieracciniEtAl2016.pdf:PDF},
  fjournal = {Computer Methods in Applied Mechanics and Engineering},
  groups   = {second order PDE, VEM},
  mrclass  = {65N30 (65N12)},
  mrnumber = {3564679},
  url      = {https://doi.org/10.1016/j.cma.2016.07.043},
}

@Article{BerroneBorioManzini2018,
  author   = {Berrone, S. and Borio, A. and Manzini, G.},
  journal  = {Comput. Methods Appl. Mech. Engrg.},
  title    = {S{UPG} stabilization for the nonconforming virtual element method for advection-diffusion-reaction equations},
  year     = {2018},
  issn     = {0045-7825},
  pages    = {500--529},
  volume   = {340},
  comment  = {The SUPG paper was the one I mentioned written by Berrone, originally
no papers from the Italy's groups considered the convection-dominated
case, and they don't have any stabilization term for convection term
(for example, 2016 numer math a posteriori error estimates for the
virtual element method).},
  doi      = {10.1016/j.cma.2018.05.027},
  file     = {:/Users/huangxuehai/Library/CloudStorage/GoogleDrive-xuehaihuang@gmail.com/我的云端硬盘/paperLibrary/VEM/BerroneBorioManzini2018.pdf:PDF},
  fjournal = {Computer Methods in Applied Mechanics and Engineering},
  groups   = {second order PDE, VEM},
  mrclass  = {65N30 (65N12)},
  mrnumber = {3845222},
  url      = {https://doi.org/10.1016/j.cma.2018.05.027},
}

@Article{AntoniettiBerroneBorioDAuriaEtAl2022,
  author     = {Antonietti, P. F. and Berrone, S. and Borio, A. and D'Auria, A. and Verani, M. and Weisser, S.},
  journal    = {IMA J. Numer. Anal.},
  title      = {Anisotropic {\it a posteriori} error estimate for the virtual element method},
  year       = {2022},
  issn       = {0272-4979},
  number     = {2},
  pages      = {1273--1312},
  volume     = {42},
  fjournal   = {IMA Journal of Numerical Analysis},
  mrclass    = {65N30 (65N15)},
  mrnumber   = {4410742},
  mrreviewer = {Jemal Peradze},
}

@Article{AntoniettiMascottoVerani2018,
  author   = {Antonietti, Paola F. and Mascotto, Lorenzo and Verani, Marco},
  journal  = {ESAIM Math. Model. Numer. Anal.},
  title    = {A multigrid algorithm for the {$p$}-version of the virtual element method},
  year     = {2018},
  issn     = {0764-583X},
  number   = {1},
  pages    = {337--364},
  volume   = {52},
  doi      = {10.1051/m2an/2018007},
  file     = {:/Users/huangxuehai/Library/CloudStorage/GoogleDrive-xuehaihuang@gmail.com/我的云端硬盘/paperLibrary/VEM/AntoniettiMascottoVerani2018.pdf:PDF},
  fjournal = {ESAIM. Mathematical Modelling and Numerical Analysis},
  groups   = {VEM, Solver, Multigrid, hpFEM},
  mrclass  = {65N30 (65N55)},
  mrnumber = {3808163},
  url      = {https://doi.org/10.1051/m2an/2018007},
}

@Article{HudobivnikAldakheelWriggers2019,
  author   = {Hudobivnik, Bla\v{z} and Aldakheel, Fadi and Wriggers, Peter},
  journal  = {Comput. Mech.},
  title    = {A low order 3{D} virtual element formulation for finite elasto-plastic deformations},
  year     = {2019},
  issn     = {0178-7675},
  number   = {2},
  pages    = {253--269},
  volume   = {63},
  file     = {:/Users/huangxuehai/Library/CloudStorage/GoogleDrive-xuehaihuang@gmail.com/我的云端硬盘/paperLibrary/VEM/HudobivnikAldakheelWriggers2019.pdf:PDF},
  fjournal = {Computational Mechanics},
  groups   = {Elasticity, VEM},
  mrclass  = {74C05 (65M60)},
  mrnumber = {3917019},
}

@Article{DassiMascotto2018,
  author     = {Dassi, F. and Mascotto, L.},
  journal    = {Comput. Math. Appl.},
  title      = {Exploring high-order three dimensional virtual elements: bases and stabilizations},
  year       = {2018},
  issn       = {0898-1221},
  number     = {9},
  pages      = {3379--3401},
  volume     = {75},
  file       = {:/Users/huangxuehai/Library/CloudStorage/GoogleDrive-xuehaihuang@gmail.com/我的云端硬盘/paperLibrary/VEM/DassiMascotto2018.pdf:PDF},
  fjournal   = {Computers \& Mathematics with Applications. An International Journal},
  groups     = {hpFEM, VEM},
  mrclass    = {65N30 (65N12)},
  mrnumber   = {3785566},
  mrreviewer = {Mir Sajjad Hashemi},
}

@Article{Mascotto2018,
  author     = {Mascotto, Lorenzo},
  journal    = {Numer. Methods Partial Differential Equations},
  title      = {Ill-conditioning in the virtual element method: stabilizations and bases},
  year       = {2018},
  issn       = {0749-159X},
  number     = {4},
  pages      = {1258--1281},
  volume     = {34},
  comment    = {This paper also checks the stabilization only for boundary dofs.},
  file       = {:/Users/huangxuehai/Library/CloudStorage/GoogleDrive-xuehaihuang@gmail.com/我的云端硬盘/paperLibrary/VEM/Mascotto2018.pdf:PDF},
  fjournal   = {Numerical Methods for Partial Differential Equations. An International Journal},
  groups     = {hpFEM, VEM},
  mrclass    = {65N30 (65N12 65N22)},
  mrnumber   = {3798428},
  mrreviewer = {Meiling Zhao},
}

@Article{BeiraodaVeigaDassiRusso2017,
  author   = {Beir\~ao da Veiga, L. and Dassi, F. and Russo, A.},
  journal  = {Comput. Math. Appl.},
  title    = {High-order virtual element method on polyhedral meshes},
  year     = {2017},
  issn     = {0898-1221},
  number   = {5},
  pages    = {1110--1122},
  volume   = {74},
  file     = {:/Users/huangxuehai/Library/CloudStorage/GoogleDrive-xuehaihuang@gmail.com/我的云端硬盘/paperLibrary/VEM/BeiraodaVeigaDassiRusso2017.pdf:PDF},
  fjournal = {Computers \& Mathematics with Applications. An International Journal},
  groups   = {VEM},
  mrclass  = {65N30 (65N12)},
  mrnumber = {3689939},
}

@Article{CaoChenGuo2023,
  author  = {Cao, Shuhao and Chen, Long and Guo, Ruchi},
  journal = {Math. Models Methods Appl. Sci.},
  title   = {Immersed Virtual Element Methods for Electromagnetic Interface Problems in Three Dimensions},
  year    = {2023},
}

@Article{ChenSukumar2023,
  author   = {Chen, Alvin and Sukumar, N.},
  journal  = {Comput. Methods Appl. Mech. Engrg.},
  title    = {Stabilization-free serendipity virtual element method for plane elasticity},
  year     = {2023},
  issn     = {0045-7825},
  pages    = {Paper No. 115784},
  volume   = {404},
  file     = {:/Users/huangxuehai/Library/CloudStorage/GoogleDrive-xuehaihuang@gmail.com/我的云端硬盘/paperLibrary/VEM/ChenSukumar2023.pdf:PDF},
  fjournal = {Computer Methods in Applied Mechanics and Engineering},
  groups   = {Elasticity, VEM},
  mrclass  = {74S05 (74G15)},
  mrnumber = {4518023},
}

@Article{MengWangBuMei2022,
  author   = {Meng, Jian and Wang, Xue and Bu, Linlin and Mei, Liquan},
  journal  = {J. Comput. Appl. Math.},
  title    = {A lowest-order free-stabilization virtual element method for the {L}aplacian eigenvalue problem},
  year     = {2022},
  issn     = {0377-0427},
  pages    = {Paper No. 114013, 11},
  volume   = {410},
  file     = {:/Users/huangxuehai/Library/CloudStorage/GoogleDrive-xuehaihuang@gmail.com/我的云端硬盘/paperLibrary/VEM/MengWangBuMei2022.pdf:PDF},
  fjournal = {Journal of Computational and Applied Mathematics},
  groups   = {Eigenvalue problem, VEM},
  mrclass  = {65N25 (65N15 65N30)},
  mrnumber = {4386637},
}

@Article{ChenSukumar2022,
  author  = {Chen, Alvin and Sukumar, N.},
  journal = {arXiv preprint arXiv:2202.10037},
  title   = {Stabilization-free virtual element method for plane elasticity},
  year    = {2022},
}

@Article{BoffiGardiniGastaldi2020,
  author     = {Boffi, Daniele and Gardini, Francesca and Gastaldi, Lucia},
  journal    = {Calcolo},
  title      = {Approximation of {PDE} eigenvalue problems involving parameter dependent matrices},
  year       = {2020},
  issn       = {0008-0624},
  number     = {4},
  pages      = {Paper No. 41, 21},
  volume     = {57},
  file       = {:/Users/huangxuehai/Library/CloudStorage/GoogleDrive-xuehaihuang@gmail.com/我的云端硬盘/paperLibrary/VEM/BoffiGardiniGastaldi2020.pdf:PDF},
  fjournal   = {Calcolo. A Quarterly on Numerical Analysis and Theory of Computation},
  groups     = {Eigenvalue problem, Elasticity, VEM},
  mrclass    = {65N30 (65N25)},
  mrnumber   = {4177014},
  mrreviewer = {Mohammad Asadzadeh},
}

@Book{Verfuerth2013,
  author     = {Verf\"{u}rth, R\"{u}diger},
  publisher  = {Oxford University Press, Oxford},
  title      = {A posteriori error estimation techniques for finite element methods},
  year       = {2013},
  isbn       = {978-0-19-967942-3},
  series     = {Numerical Mathematics and Scientific Computation},
  file       = {:/Users/huangxuehai/Library/CloudStorage/GoogleDrive-xuehaihuang@gmail.com/我的云端硬盘/paperLibrary/book/A posteriori error estimation techniques for finite element methods(Verfurther).pdf:PDF},
  groups     = {Adaptive FEM, Books},
  mrclass    = {65N30 (35J25 35K20 35Q30 35Q74 65N15)},
  mrnumber   = {3059294},
  mrreviewer = {Manfred Dobrowolski},
  pages      = {xx+393},
}

@Book{Wloka1987,
  author    = {Wloka, J.},
  publisher = {Cambridge University Press, Cambridge},
  title     = {Partial differential equations},
  year      = {1987},
  isbn      = {0-521-25914-2; 0-521-27759-0},
  doi       = {10.1017/CBO9781139171755},
  file      = {:book/Partial differential equations-Wloka-1987.pdf:PDF},
  groups    = {Books, PDE},
  mrclass   = {35-01 (46-01 65-01)},
  mrnumber  = {895589},
  pages     = {xii+518},
}

@Book{Grisvard1985,
  author        = {Grisvard, P.},
  publisher     = {Pitman (Advanced Publishing Program)},
  title         = {Elliptic problems in nonsmooth domains},
  year          = {1985},
  address       = {Boston, MA},
  isbn          = {0-273-08647-2},
  series        = {Monographs and Studies in Mathematics},
  volume        = {24},
  comment       = {multiplicative trace inequality: Theorem 1.5.1.10},
  date-added    = {2009-01-29 17:42:01 -0500},
  date-modified = {2009-01-29 17:42:05 -0500},
  file          = {:/Users/huangxuehai/Library/CloudStorage/GoogleDrive-xuehaihuang@gmail.com/我的云端硬盘/paperLibrary/book/Grisvard P. Elliptic Problems in Nonsmooth Domains (Pitman, 1985)(K)(600dpi)(T)(422s)_MCde_.djvu:Djvu},
  groups        = {Functional Analysis, Sobolev Spaces and Interpolation Spaces, PDE, Books},
  mrclass       = {35J25 (35-02)},
  mrnumber      = {MR775683 (86m:35044)},
  mrreviewer    = {P. Szeptycki},
  owner         = {Administrator},
  pages         = {xiv+410},
  timestamp     = {2011.07.25},
}

@Book{Necas1967,
  author     = {Ne\v{c}as, Jind\v{r}ich},
  publisher  = {Masson, Paris},
  title      = {Les m\'{e}thodes directes en th\'{e}orie des \'{e}quations elliptiques},
  year       = {1967},
  mrclass    = {35.00},
  mrnumber   = {0227584},
  mrreviewer = {P. Szeptycki},
  pages      = {351},
}

@Article{Brenner2003,
  author   = {Brenner, Susanne C.},
  journal  = {SIAM J. Numer. Anal.},
  title    = {Poincar\'e-{F}riedrichs inequalities for piecewise {$H^1$} functions},
  year     = {2003},
  issn     = {0036-1429},
  number   = {1},
  pages    = {306--324},
  volume   = {41},
  file     = {:/Users/huangxuehai/Library/CloudStorage/GoogleDrive-xuehaihuang@gmail.com/我的云端硬盘/paperLibrary/poincare/Brenner.S2003.pdf:PDF},
  fjournal = {SIAM Journal on Numerical Analysis},
  groups   = {FEM, Poincare inequality},
  mrclass  = {65N30 (46E35)},
}

@Article{CangianiManziniSutton2017,
  author    = {Cangiani, Andrea and Manzini, Gianmarco and Sutton, Oliver J.},
  journal   = {IMA J. Numer. Anal.},
  title     = {Conforming and nonconforming virtual element methods for elliptic problems},
  year      = {2017},
  issn      = {0272-4979},
  number    = {3},
  pages     = {1317--1354},
  volume    = {37},
  file      = {CangianiManziniSutton2017.pdf:/Users/huangxuehai/Library/CloudStorage/GoogleDrive-xuehaihuang@gmail.com/我的云端硬盘/paperLibrary/VEM/CangianiManziniSutton2017.pdf:PDF},
  fjournal  = {IMA Journal of Numerical Analysis},
  groups    = {VEM},
  mrclass   = {Prelim},
  timestamp = {2017-07-29},
}

@Article{AlTaweelWang2020,
  author   = {Al-Taweel, Ahmed and Wang, Xiaoshen},
  journal  = {Appl. Numer. Math.},
  title    = {A note on the optimal degree of the weak gradient of the stabilizer free weak {G}alerkin finite element method},
  year     = {2020},
  issn     = {0168-9274},
  pages    = {444--451},
  volume   = {150},
  file     = {:/Users/huangxuehai/Library/CloudStorage/GoogleDrive-xuehaihuang@gmail.com/我的云端硬盘/paperLibrary/WG/AlTaweelWang2020.pdf:PDF},
  fjournal = {Applied Numerical Mathematics. An IMACS Journal},
  groups   = {DG},
  mrclass  = {65N30},
  mrnumber = {4046465},
}

@Article{YeZhang2021,
  author     = {Ye, Xiu and Zhang, Shangyou},
  journal    = {J. Comput. Appl. Math.},
  title      = {A stabilizer free weak {G}alerkin finite element method on polytopal mesh: {P}art {II}},
  year       = {2021},
  issn       = {0377-0427},
  pages      = {Paper No. 113525, 11},
  volume     = {394},
  file       = {:/Volumes/GoogleDrive/我的云端硬盘/paperLibrary/DG/YeZhang2021a.pdf:PDF},
  fjournal   = {Journal of Computational and Applied Mathematics},
  groups     = {DG},
  mrclass    = {65N30 (35J50 65N15)},
  mrnumber   = {4242950},
  mrreviewer = {Roland Maier},
}

@Article{YeZhang2021a,
  author     = {Ye, Xiu and Zhang, Shangyou},
  journal    = {J. Comput. Appl. Math.},
  title      = {A stabilizer free weak {G}alerkin finite element method on polytopal mesh: {P}art {III}},
  year       = {2021},
  issn       = {0377-0427},
  pages      = {Paper No. 113538, 9},
  volume     = {394},
  file       = {:/Volumes/GoogleDrive/我的云端硬盘/paperLibrary/DG/YeZhang2021b.pdf:PDF},
  fjournal   = {Journal of Computational and Applied Mathematics},
  groups     = {DG},
  mrclass    = {65N30 (35J50 65N15 65N50)},
  mrnumber   = {4234207},
  mrreviewer = {Alberto Valli},
}

@Article{YeZhang2020,
  author     = {Ye, Xiu and Zhang, Shangyou},
  journal    = {J. Comput. Appl. Math.},
  title      = {A stabilizer-free weak {G}alerkin finite element method on polytopal meshes},
  year       = {2020},
  issn       = {0377-0427},
  pages      = {112699, 9},
  volume     = {371},
  file       = {:/Volumes/GoogleDrive/我的云端硬盘/paperLibrary/DG/YeZhang2020.pdf:PDF},
  fjournal   = {Journal of Computational and Applied Mathematics},
  groups     = {DG},
  mrclass    = {65N15 (35J25 65N30)},
  mrnumber   = {4050798},
  mrreviewer = {Srinivasan Natesan},
}

@Article{AlTaweelWang2020a,
  author   = {Al-Taweel, Ahmed and Wang, Xiaoshen},
  journal  = {Appl. Numer. Math.},
  title    = {The lowest-order stabilizer free weak {G}alerkin finite element method},
  year     = {2020},
  issn     = {0168-9274},
  pages    = {434--445},
  volume   = {157},
  file     = {:/Users/huangxuehai/Library/CloudStorage/GoogleDrive-xuehaihuang@gmail.com/我的云端硬盘/paperLibrary/WG/AlTaweelWang2020a.pdf:PDF},
  fjournal = {Applied Numerical Mathematics. An IMACS Journal},
  groups   = {DG},
  mrclass  = {65N30 (65N15)},
  mrnumber = {4124765},
}

@Article{AlTaweelWangYeZhang2021,
  author     = {Al-Taweel, Ahmed and Wang, Xiaoshen and Ye, Xiu and Zhang, Shangyou},
  journal    = {Numer. Methods Partial Differential Equations},
  title      = {A stabilizer free weak {G}alerkin finite element method with supercloseness of order two},
  year       = {2021},
  issn       = {0749-159X},
  number     = {2},
  pages      = {1012--1029},
  volume     = {37},
  file       = {:/Users/huangxuehai/Library/CloudStorage/GoogleDrive-xuehaihuang@gmail.com/我的云端硬盘/paperLibrary/WG/AlTaweelWangYeZhang2021.pdf:PDF},
  fjournal   = {Numerical Methods for Partial Differential Equations. An International Journal},
  groups     = {DG},
  mrclass    = {65N30},
  mrnumber   = {4263828},
  mrreviewer = {Felipe Lepe},
}

@Article{ChenHuangWei2022,
  author   = {Chen, Chunyu and Huang, Xuehai and Wei, Huayi},
  journal  = {SIAM J. Numer. Anal.},
  title    = {{$H^m$}-conforming virtual elements in arbitrary dimension},
  year     = {2022},
  issn     = {0036-1429},
  number   = {6},
  pages    = {3099--3123},
  volume   = {60},
  file     = {:/Users/huangxuehai/Library/CloudStorage/GoogleDrive-xuehaihuang@gmail.com/我的云端硬盘/paperLibrary/myPapers/ChenHuangWei2022.pdf:PDF},
  fjournal = {SIAM Journal on Numerical Analysis},
  groups   = {11771338, 12071289, 21ZR1480500, 2019110066},
  mrclass  = {65N12 (65N15 65N22 65N30)},
  mrnumber = {4521659},
}

@Comment{jabref-meta: databaseType:bibtex;}
